Bibliography file for bibtex use.  Text outside of at-commands is ignored.
Here's some examples

@ARTICLE{BeckerGrunEtAl03,
  author = {J. Becker and G. Grun and R. Seemann and H. Mantz and K. Jacobs
  and K.R.
	Mecke and R. Blossey},
  title = {Complex dewetting scenarios captured by thin-film models},
  journal = {Nat. Mater.},
  year = {2003},
  volume = {2},
  pages = {59-63},
  number = {1},
  month = {1},
}
@UNPUBLISHED{BonnEggersEtAl,
  author = {D. Bonn and J. Eggers and J. Indekeu and J. Meunier
	and E. Rolley},
  title = {Wetting and spreading},
  note = {Submitted to \emph{Rev. Mod. Phys.}},
  year = {2007},
  url = {http://itf.fys.kuleuven.be/~joi/papers/Wetting and
     spreading.pdf}
}
@INBOOK{ChangDemekhin02,
  chapter = {9},
  pages = {271-285},
  title = {Complex Wave Dynamics on Thin Films},
  publisher = {Elsevier},
  year = {2002},
  author = {H.-C. Chang and E.A. Demekhin},
}
@BOOK{pgdg03,
  title = {Capillarity and wetting phenomena: drops, bubbles, pearls, waves},
  publisher = {Springer Verlag},
  year = {2003},
  author = {P.-G. de Gennes and F. Brochard-Wyart and D. Quere},
  address = {New York}
}
@ARTICLE{fancy,
	title = {Name with proper names {H}ello {K}itty},
	author = {St\"{e}phen Colb\'{e}t},
	journal = {Imag. Res.},
	year = {1999},
	volume = {1},
	pages = {123--127}
}


%% before was the original template references

@article{schroder2003invariant,
  title={Invariant formulation of hyperelastic transverse isotropy based on polyconvex free energy functions},
  author={Schr{\"o}der, J. and Neff, P.},
  journal={International journal of solids and structures},
  volume={40},
  number={2},
  pages={401--445},
  year={2003},
  publisher={Elsevier}
}

@book{Ciarlet1988,
author = "Ciarlet, P.G.",
title = "Mathematical Elasticity, vol. I: Three-Dimensional Elasticity",
year = "1988",
publisher = "Elsevier Science Publishers",
address = "North-Holland, Amsterdam"
}

@article{hartmann2003polyconvexity,
  title={Polyconvexity of generalized polynomial-type hyperelastic strain energy functions for near-incompressibility},
  author={Hartmann, S. and Neff, P.},
  journal={International journal of solids and structures},
  volume={40},
  number={11},
  pages={2767--2791},
  year={2003},
  publisher={Elsevier}
}

@phdthesis{Brinkhues2013ModelingAS,
  title={Modeling and simulation of arterial walls with focus on damage and residual stresses},
  author={S. Brinkhues},
  year={2013},
  school={Universit√§tsbibliothek Duisburg-Essen}
}

@article{simo1982penalty,
  title={Penalty function formulations for incompressible nonlinear elastostatics},
  author={Simo, JC and Taylor, RL},
  journal={Computer Methods in Applied Mechanics and Engineering},
  volume={35},
  number={1},
  pages={107--118},
  year={1982},
  publisher={Elsevier}
}

@article{charrier1988existence,
  title={An existence theorem for slightly compressible materials in nonlinear elasticity},
  author={Charrier, P. and Dacorogna, B. and Hanouzet, B. and Laborde, P.},
  journal={SIAM Journal on Mathematical Analysis},
  volume={19},
  number={1},
  pages={70--85},
  year={1988},
  publisher={SIAM}
}

@article{holzapfel2000new,
  title={A new constitutive framework for arterial wall mechanics and a comparative study of material models},
  author={Holzapfel, G. and Gasser, T. and Ogden, R.},
  journal={Journal of elasticity and the physical science of solids},
  volume={61},
  number={1-3},
  pages={1--48},
  year={2000},
  publisher={Springer}
}

@article{balzani2006polyconvex,
  title={A polyconvex framework for soft biological tissues. {A}djustment to experimental data},
  author={Balzani, D. and Neff, P. and Schr{\"o}der, J. and Holzapfel, G.},
  journal={International journal of solids and structures},
  volume={43},
  number={20},
  pages={6052--6070},
  year={2006},
  publisher={Elsevier}
}

@article{holzapfel2005determination,
  title={Determination of layer-specific mechanical properties of human coronary arteries with nonatherosclerotic intimal thickening and related constitutive modeling},
  author={Holzapfel, G. and Sommer, G. and Gasser, C. and Regitnig, P.},
  journal={American Journal of Physiology-Heart and Circulatory Physiology},
  volume={289},
  number={5},
  pages={H2048--H2058},
  year={2005},
  publisher={American Physiological Society}
}

@book{wriggers2008nonlinear,
  title={Nonlinear finite element methods},
  author={Wriggers, P.},
  year={2008},
  publisher={Springer Science \& Business Media}
}

@book{Holzapfel-Book-2000,
  title={Nonlinear Solid Mechanics: A Continuum Approach for Engineering},
  author={Holzapfel, G.A.},
  year={2000},
  publisher={Wiley}
}

@article{Jaynes1957a,
title = "Information Theory and statistical mechanics I",
author = "Jaynes, E.T.",
year = "1957",
journal = "Physical Review",
volume = "106",
number = "4",
pages = "620--630"
}

@article{Jaynes1957b,
title = "Information Theory and statistical mechanics II",
author = "Jaynes, E.T.",
year = "1957",
journal = "Physical Review",
volume = "108",
number = "2",
pages = "171--190"
}
	
@article{Shannon1948,
title = "A mathematical theory of communication.",
author = "Shannon, C. E.",
year = "1948",
journal = "Bell System Technical Journal",
volume = "27",
pages = "379--423/623--659"
}

@incollection{ball2002some,
  title={Some open problems in elasticity},
  author={Ball, J.},
  booktitle={Geometry, mechanics, and dynamics},
  pages={3--59},
  year={2002},
  publisher={Springer}
}

@book{lord_powell_shardlow_2014, 
place={Cambridge}, 
series={Cambridge Texts in Applied Mathematics}, 
title={An Introduction to Computational Stochastic {PDE}s}, 
publisher={Cambridge University Press}, 
author={Lord, G. J. and Powell, C. E. and Shardlow, T.},
year={2014}, 
collection={Cambridge Texts in Applied Mathematics}}

@article{STABER2017399,
title = {Stochastic modeling and generation of random fields of elasticity tensors: {A} unified information-theoretic approach},
journal = {Comptes Rendus M\'ecanique},
volume = {345},
number = {6},
pages = {399--416},
year = {2017},
author = {B. Staber and J. Guilleminot}
}

@article{Lindgren2011,
author = {Lindgren, F. and Rue, H. and Lindstr\"{o}m, J.},
title = {An explicit link between {G}aussian fields and {G}aussian {M}arkov random fields: the stochastic partial differential equation approach},
journal = {Journal of the Royal Statistical Society: Series B (Statistical Methodology)},
volume = {73},
number = {4},
pages = {423--498},
year = {2011}
}

@article{Whittle,
 author = {P. Whittle},
 journal = {Biometrika},
 number = {3/4},
 pages = {434--449},
 publisher = {[Oxford University Press, Biometrika Trust]},
 title = {On Stationary Processes in the Plane},
 volume = {41},
 year = {1954},
 doi = {10.2307/2332724}
}

@article{Fuglstad,
 author = {G.-A. Fuglstad and F. Lindgren and D. Simpson and H. Rue},
 journal = {Statistica Sinica},
 number = {1},
 pages = {115--133},
 title = {EXPLORING A NEW CLASS OF NON-STATIONARY SPATIAL {G}aussian RANDOM FIELDS WITH VARYING LOCAL ANISOTROPY},
 volume = {25},
 year = {2015},
 doi = {10.2307/24311007}
}

@article{Bayer2012,
 author = {Bayer J.D. and Blake R.C. and Plank G. and Trayanova N.A.},
 journal = {Ann Biomed Eng.},
 number = {40},
 pages = {2243-54},
 title = {A novel rule-based algorithm for assigning myocardial fiber orientation to computational heart models},
 volume = {10},
 year = {2012}
}

@article{Augustin2014,
 author = {Augustin, C. and Holzapfel, G. A. and Steinbach, O.},
 journal = {Int. J. Numer. Methods Engrg.},
 number = {99},
 pages = {290--312},
 title = {Classical and all-floating {FETI} methods for the simulation of arterial tissues},
 year = {2014}
}

@misc{AneuriskWeb,
  author = "Aneurisk-Team",
  howpublished = "Web Site",
  institution = "Emory University",
  school = "Department of Math\&CS",
  title = "{{AneuriskWeb project website}, http://ecm2.mathcs.emory.edu/aneuriskweb}",
  url = "http://ecm2.mathcs.emory.edu/aneuriskweb",
  year = "2012"
}

@book{Ghanem1991,
author = "{R.G.} Ghanem and P. Spanos",
year = "1991",
title = "Stochastic Finite Elements: A Spectral Approach",
publisher = "Springer-Verlag New York"
}

@book{Ghanem2017,
  title = "Handbook of Uncertainty Quantification",
  author = "R. Ghanem and D. Higdon and H. Owhadi",
  year = "2017",
  publisher = "Springer International Publishing"
}

@book{OLM,
    author	= "O. {Le Maitre} and {O.M.} Knio",
    year	= "2010",
    title	= "Spectral Methods for Uncertainty Quantification: With Applications to Computational Fluid Dynamics",
    publisher    = {Springer Netherlands}
}

@article{Wiener,
 author = {N. Wiener},
 journal = {American Journal of Mathematics},
 number = {4},
 pages = {897--936},
 title = {The Homogeneous Chaos},
 volume = {60},
 year = {1938},
 doi = {10.2307/2371268}
}

@article{Cameron,
 author = {{R.H.} Cameron and {W.T.} Martin},
 journal = {Annals of Mathematics},
 number = {2},
 pages = {385--392},
 publisher = {Annals of Mathematics},
 title = {The Orthogonal Development of Non-Linear Functionals in Series of {F}ourier-{H}ermite Functionals},
 volume = {48},
 year = {1947},
 doi = {10.2307/1969178}
}

@incollection{GUILLEMINOT2020385,
title = {12 - {M}odeling non-{G}aussian random fields of material properties in multiscale mechanics of materials},
editor = {Yan Wang and David L. McDowell},
booktitle = {Uncertainty Quantification in Multiscale Materials Modeling},
publisher = {Woodhead Publishing},
pages = {385-420},
year = {2020},
series = {Elsevier Series in Mechanics of Advanced Materials},
author = {J. Guilleminot}
}

@article{Xiu2002,
author = {Xiu, D. and Karniadakis, G. E.},
title = {The {W}iener--{A}skey Polynomial Chaos for Stochastic Differential Equations},
journal = {SIAM Journal on Scientific Computing},
volume = {24},
number = {2},
pages = {619-644},
year = {2002}
}

@article{Soize2004,
author = {Soize, C. and Ghanem, R. G.},
title = {Physical Systems with Random Uncertainties: Chaos Representations with Arbitrary Probability Measure},
journal = {SIAM Journal on Scientific Computing},
volume = {26},
number = {2},
pages = {395-410},
year = {2004}
}

@book{OstojaBook,
author = "M. {Ostoja-Starzewski}",
title = "Microstructural Randomness and Scaling in Mechanics of Materials",
year = "2008",
publisher = "Chapman $\&$ Hall/CRC/Taylor $\&$ Francis",
}

@article{ostoja1998,
author = {Ostoja-Starzewski, M.},
title = {Random field models of heterogeneous materials},
journal = {International Journal of Solids and Structures},
volume = {35},
issues = {19},
pages = {2429--2455},
year = {1998},
doi = {10.1016/S0020-7683(97)00144-3},
}

@article{baxter2001a,
author = {{S.C.} Baxter and {M.I.} Hossain and {L.L.} Graham},
title = {Micromechanics based random material property fields for particulate reinforced composites},
journal = {International Journal of Solids and Structures},
volume = {38},
issues = {50--51},
pages = {9209--9220},
year = {2001},
doi = {10.1016/S0020-7683(01)00076-2},
}

@article{baxter2001b,
author = {{L.L.} Graham and {S.C.} Baxter},
title = {Simulation of local material properties based on moving-window {GMC}},
journal = {Probabilistic Engineering Mechanics},
volume = {16},
issues = {4},
pages = {295--305},
year = {2001},
doi = {10.1016/S0266-8920(01)00022-4},
}

@article{STEFANOU2017319,
title = "Stochastic finite element analysis of composite structures based on mesoscale random fields of material properties",
journal = "Computer Methods in Applied Mechanics and Engineering",
volume = "326",
pages = "319 -- 337",
year = "2017",
doi = "10.1016/j.cma.2017.08.002",
author = "G. Stefanou and D. Savvas and M. Papadrakakis"
}

@article{BESSA2017633,
title = {A framework for data-driven analysis of materials under uncertainty: Countering the curse of dimensionality},
journal = {Computer Methods in Applied Mechanics and Engineering},
volume = {320},
pages = {633-667},
year = {2017},
author = {M.A. Bessa and R. Bostanabad and Z. Liu and A. Hu and Daniel W. Apley and C. Brinson and W. Chen and Wing-Kam Liu}
}

@book{Torquato,
title = {Random Heterogeneous Materials: Microstructure and Macroscopic Properties},
year = {2002},
author = {S. Torquato},
doi = {10.1007/978-1-4757-6355-3},
publisher = {Springer-Verlag New York}
}

@book{Sobczyk,
title = {Stochastic Modeling of Microstructures},
year = {2001},
author = {K. Sobczyk and {D.J.} Kirkner},
doi = {10.1007/978-1-4612-0121-2},
publisher = {Birkh\"auser Basel}
}

@article{Yin2009,
    author = {Yin, X. and Lee, S. and Chen, W. and Liu, W. K. and Horstemeyer, M. F.},
    title = "{Efficient Random Field Uncertainty Propagation in Design Using Multiscale Analysis}",
    journal = {Journal of Mechanical Design},
    volume = {131},
    number = {2},
    year = {2009}
}

@article{Grigoriu2016,
  title={Microstructure Models and Material Response by Extreme Value Theory},
  author={M. Grigoriu},
  journal={SIAM/ASA Journal on Uncertainty Quantification},
  volume={4},
  pages={190--217},
  year={2016},
  doi = {10.1137/15M1006453}
}

@article{Soize2006,
title = "Non-{G}aussian positive-definite matrix-valued random fields for elliptic stochastic partial differential operators",
journal = "Computer Methods in Applied Mechanics and Engineering",
volume = "195",
number = "1",
pages = "26 -- 64",
year = "2006",
author = "C. Soize"
}

@article{Clement2013,
title = "Uncertainty quantification in computational stochastic multiscale analysis of nonlinear elastic materials",
author = "Cl\'ement, A. and Soize, C. and Yvonnet, J.",
year = "2013",
journal = "Computer Methods in Applied Mechanics and Engineering",
volume = "254",
pages = "61-82"
}

@article{Clement2012,
title = "Computational nonlinear stochastic homogenization using a non-concurrent multiscale approach for hyperelastic heterogeneous microstructures analysis",
author = "Cl\'ement, A. and Soize, C. and Yvonnet, J.",
year = "2012",
journal = "International Journal for Numerical Methods in Engineering",
volume = "91",
number = "8",
pages = "799-824"
}

@article{OZTURK2021104294,
title = {An uncertainty quantification framework for multiscale parametrically homogenized constitutive models (PHCMs) of polycrystalline {T}i alloys},
journal = {Journal of the Mechanics and Physics of Solids},
volume = {148},
pages = {104294},
year = {2021},
author = {D. Ozturk and S. Kotha and S. Ghosh}

}

@article{SOIZE2011,
title = "A computational inverse method for identification of non-{G}aussian random fields using the {B}ayesian approach in very high dimension",
journal = "Computer Methods in Applied Mechanics and Engineering",
volume = "200",
number = "45",
pages = "3083--3099",
year = "2011",
doi = "10.1016/j.cma.2011.07.005",
author = "C. Soize"
}

@article{Guilleminot-SIAM-2013,
author = {J. Guilleminot and C. Soize},
title = {Stochastic Model and Generator for Random Fields with Symmetry Properties: Application to the Mesoscopic Modeling of Elastic Random Media},
journal = {Multiscale Modeling \& Simulation},
volume = {11},
number = {3},
pages = {840--870},
year = {2013}
}

@article{Guilleminot-IJNME-2017,
author  = "J. Guilleminot and C. Soize and R. Ghanem",
title = "Stochastic representation for anisotropic permeability tensor random fields",
journal = "International Journal for Numerical and Analytical Methods in Geomechanics",
volume = "36",
pages = "1592-‚Äì1608",
year = "2012"
}

@article{hauseux2018quantifying,
  title={Quantifying the uncertainty in a hyperelastic soft tissue model with stochastic parameters},
  author={Hauseux, P. and Hale, J. and Cotin, S. and Bordas, S.},
  journal={Applied Mathematical Modelling},
  volume={62},
  pages={86--102},
  year={2018},
  publisher={Elsevier}
}

@article{Mihai-1,
author = {Mihai, A. and Woolley, T. and Goriely, A.},
title = {Likely equilibria of the stochastic {R}ivlin cube},
journal = {Philosophical Transactions of the Royal Society A: Mathematical, Physical and Engineering Sciences},
volume = {377},
number = {2144},
pages = {20180068},
year = {2019}
}

@article{Mihai-2,
author = {A. Mihai and D. Fitt and T. Woolley and A. Goriely},
title ={Likely equilibria of stochastic hyperelastic spherical shells and tubes},
journal = {Mathematics and Mechanics of Solids},
volume = {24},
number = {7},
pages = {2066-2082},
year = {2019}
}

@article{Mihai-3,
title = {Likely chirality of stochastic anisotropic hyperelastic tubes},
journal = {International Journal of Non-Linear Mechanics},
volume = {114},
pages = {9-20},
year = {2019},
author = {A. Mihai and T. Woolley and A. Goriely}
}

@article{Mihai-4,
author = {Mihai, A. and Fitt, D. and Woolley, T. and Goriely, A.},
year = {2019},
month = {10},
pages = {27-42},
title = {Likely Cavitation in Stochastic Elasticity},
volume = {137},
journal = {Journal of Elasticity},
}

% calibration

@article{STABER2017743,
title = "Stochastic hyperelastic constitutive laws and identification procedure for soft biological tissues with intrinsic variability",
journal = "Journal of the Mechanical Behavior of Biomedical Materials",
volume = "65",
pages = "743 - 752",
year = "2017",
author = "B. Staber and J. Guilleminot"
}

@article{mihai2018stochastic,
  title={Stochastic isotropic hyperelastic materials: constitutive calibration and model selection},
  author={Mihai, A. and Woolley, T. and Goriely, A.},
  journal={Proceedings of the Royal Society A: Mathematical, Physical and Engineering Sciences},
  volume={474},
  number={2211},
  pages={20170858},
  year={2018},
  publisher={The Royal Society Publishing}
}

@article{fitt2019uncertainty,
  title={Uncertainty quantification of elastic material responses: testing, stochastic calibration and {B}ayesian model selection},
  author={Fitt, D. and Wyatt, H. and Woolley, T. and Mihai, A.},
  journal={Mechanics of Soft Materials},
  volume={1},
  number={1},
  pages={1--18},
  year={2019},
  publisher={Springer}
}

@article{staber2019stochastic,
  title={Stochastic modeling and identification of a hyperelastic constitutive model for laminated composites},
  author={Staber, B. and Guilleminot, J. and Soize, C. and Michopoulos, J. and Iliopoulos, A.},
  journal={Computer Methods in Applied Mechanics and Engineering},
  volume={347},
  pages={425--444},
  year={2019},
  publisher={Elsevier}
}

% modeling
@article{staber2015stochastic,
  title={Stochastic modeling of a class of stored energy functions for incompressible hyperelastic materials with uncertainties},
  author={Staber, B. and Guilleminot, J.},
  journal={Comptes Rendus M{\'e}canique},
  volume={343},
  number={9},
  pages={503--514},
  year={2015},
  publisher={Elsevier}
}

@article{Staber2017zamm,
  title={Stochastic modeling of the {O}gden class of stored energy functions for hyperelastic materials: the compressible case},
  author={B. Staber and J. Guilleminot},
  year={2017},
  journal={ZAMM -- Journal of Applied Mathematics and Mechanics},
  volume = "97",
  number = "3",
  pages = "273--295",
  doi = {10.1002/zamm.201500255}
}

@article{STABER201894,
title = {A random field model for anisotropic strain energy functions and its application for uncertainty quantification in vascular mechanics},
journal = {Computer Methods in Applied Mechanics and Engineering},
volume = {333},
pages = {94-113},
year = {2018},
issn = {0045-7825},
doi = {https://doi.org/10.1016/j.cma.2018.01.001},
url = {https://www.sciencedirect.com/science/article/pii/S0045782518300033},
author = {B. Staber and J. Guilleminot}
}

@article{caylak2018stochastic,
  title={Stochastic hyperelastic modeling considering dependency of material parameters},
  author={Caylak, I. and Penner, E. and Dridger, A. and Mahnken, R.},
  journal={Computational Mechanics},
  volume={62},
  number={6},
  pages={1273--1285},
  year={2018}
}

@article{Biehler2015,
  title={Towards efficient uncertainty quantification in complex and large-scale biomechanical problems based on a {B}ayesian multi-fidelity scheme},
  author={J. Biehler and M. W. Gee, and W. A. Wall },
  journal={Biomechanics and Modeling in Mechanobiology},
  volume={14},
  pages={489‚Äì-513},
  year={2015}
}

@article{Bocchini2008,
author = {Bocchini, P. and Deodatis, G.},
year = {2008},
month = {10},
pages = {393-407},
title = {Critical review and latest developments of a class of simulation algorithms for strongly non-{G}aussian random fields},
volume = {23},
journal = {Probabilistic Engineering Mechanics}
}

@book{GrigoriuBook,
  title = "Applied non-{G}aussian processes",
  author = "Grigoriu M.",
  year = "1995",
  publisher = "Prentice Hall"
}

@article{Holzapfel2021,
author = {Holzapfel, G. A.  and Linka, K.  and Sherifova, S.  and Cyron, C. J. },
title = {Predictive constitutive modelling of arteries by deep learning},
journal = {Journal of The Royal Society Interface},
volume = {18},
number = {182},
pages = {20210411},
year = {2021}
}

@article{Shinozuka1991,
  title={Simulation of stochastic processes by spectral representation},
  author={Shinozuka, M. and Deodatis, G.},
  journal={Applied Mechanics Reviews},
  volume={44},
  number={4},
  pages={191--204},
  year={1991},
  publisher={American Society of Mechanical Engineers}
}

@incollection{Poirion1995,
  title={Numerical methods and mathematical aspects for simulation of homogeneous and non homogeneous {G}aussian vector fields},
  author={Poirion, F. and Soize, C.},
  booktitle={Probabilistic methods in applied physics},
  pages={17--53},
  year={1995},
  publisher={Springer}
}

@article{SHIELDS2011511,
title = {A simple and efficient methodology to approximate a general non-{G}aussian stationary stochastic process by a translation process},
journal = {Probabilistic Engineering Mechanics},
volume = {26},
number = {4},
pages = {511-519},
year = {2011},
author = {M.D. Shields and G. Deodatis and P. Bocchini}
}

@article{permann2020moose,
   title = {{MOOSE}: Enabling massively parallel multiphysics simulation},
  author = {C. J. Permann and D. R. Gaston and D. Andr{\v{s}} and R. W. Carlsen and F.
            Kong and A. D. Lindsay and J. M. Miller and J. W. Peterson and A.
            E. Slaughter and R. H. Stogner and R. C. Martineau},
 year = {2020},
 journal = {{SoftwareX}},
 volume = {11},
 pages = {100430}
}

@article{YOSIBASH201251,
title = {Artery active mechanical response: High order finite element implementation and investigation},
journal = {Computer Methods in Applied Mechanics and Engineering},
volume = {237-240},
pages = {51--66},
year = {2012},
author = {Z. Yosibash and E. Priel}
}

@article{Holzapfel2000,
	Author = {Holzapfel, G. A. and Gasser, T, C. and Ogden, R, W.},
	Journal = {Journal of elasticity and the physical science of solids},
	Number = {1},
	Pages = {1--48},
	Title = {A New Constitutive Framework for Arterial Wall Mechanics and a Comparative Study of Material Models},
	Volume = {61},
	Year = {2000}
}

@article{Gasser2006,
author = {Gasser, T. C.  and Ogden, R. W.  and Holzapfel, G. A.},
title = {Hyperelastic modelling of arterial layers with distributed collagen fibre orientations},
journal = {Journal of The Royal Society Interface},
volume = {3},
number = {6},
pages = {15-35},
year = {2006}
}

@article{Holzapfel2010,
author = {Holzapfel, G. A. and Ogden, R. W. },
title = {Constitutive modelling of arteries},
journal = {Proceedings of the Royal Society A: Mathematical, Physical and Engineering Sciences},
volume = {466},
number = {2118},
pages = {1551-1597},
year = {2010}
}

@article{Holzapfel2015,
author = {Holzapfel, G. A.  and Niestrawska, J. A. and Ogden, R. W.  and Reinisch, A. J.  and Schriefl, A. J.},
title = {Modelling non-symmetric collagen fibre dispersion in arterial walls},
journal = {Journal of The Royal Society Interface},
volume = {12},
number = {106},
pages = {20150188},
year = {2015}
}

@article{Holzapfel2017,
	author = {Holzapfel, G. A. and Ogden, R. W.},
	journal = {Journal of Elasticity},
	number = {1},
	pages = {49--68},
	title = {On Fiber Dispersion Models: Exclusion of Compressed Fibers and Spurious Model Comparisons},
	volume = {129},
	year = {2017}
}

@article{Khristenko2019,
author = {Khristenko, U. and Scarabosio, L. and Swierczynski, P. and Ullmann, E. and Wohlmuth, B.},
title = {Analysis of Boundary Effects on PDE-Based Sampling of {W}hittle-{M}at\'{e}rn Random Fields},
journal = {SIAM/ASA Journal on Uncertainty Quantification},
volume = {7},
number = {3},
pages = {948-974},
year = {2019}
}

@article{Roininen2014,
title = {{W}hittle-{M}at\'{e}rn priors for {B}ayesian statistical inversion with applications in electrical impedance tomography},
journal = {Inverse Problems \& Imaging},
volume = {8},
number = {2},
pages = {561-586},
year = {2014},
author = {L. Roininen and J. M. J. Huttunen and S. Lasanen}
}

@article{Daon2018,
title = {Mitigating the influence of the boundary on {PDE}-based covariance operators},
journal = {Inverse Problems \& Imaging},
volume = {12},
number = {5},
pages = {1083-1102},
year = {2018},
author = {Y. Daon and G. Stadler},
}


%% references for polyconvex
@article{flaschel2021unsupervised,
  title={Unsupervised discovery of interpretable hyperelastic constitutive laws},
  author={Flaschel, Moritz and Kumar, Siddhant and De Lorenzis, Laura},
  journal={Computer Methods in Applied Mechanics and Engineering},
  volume={381},
  pages={113852},
  year={2021},
  publisher={Elsevier}
}

@article{xu2021learning,
  title={Learning constitutive relations using symmetric positive definite neural networks},
  author={Xu, Kailai and Huang, Daniel Z and Darve, Eric},
  journal={Journal of Computational Physics},
  volume={428},
  pages={110072},
  year={2021},
  publisher={Elsevier}
}

@article{holzapfel2021predictive,
  title={Predictive constitutive modelling of arteries by deep learning},
  author={Holzapfel, Gerhard A and Linka, Kevin and Sherifova, Selda and Cyron, Christian J},
  journal={Journal of the Royal Society Interface},
  volume={18},
  number={182},
  pages={20210411},
  year={2021},
  publisher={The Royal Society}
}

@article{jung2006neural,
  title={Neural network constitutive model for rate-dependent materials},
  author={Jung, Sungmoon and Ghaboussi, Jamshid},
  journal={Computers \& Structures},
  volume={84},
  number={15-16},
  pages={955--963},
  year={2006},
  publisher={Elsevier}
}

@article{ghaboussi1998autoprogressive,
  title={Autoprogressive training of neural network constitutive models},
  author={Ghaboussi, Jamshid and Pecknold, David A and Zhang, Mingfu and Haj-Ali, Rami M},
  journal={International Journal for Numerical Methods in Engineering},
  volume={42},
  number={1},
  pages={105--126},
  year={1998},
  publisher={Wiley Online Library}
}

@article{ghaboussi1998new,
  title={New nested adaptive neural networks (NANN) for constitutive modeling},
  author={Ghaboussi, Jamshid and Sidarta, Djoni Eka},
  journal={Computers and Geotechnics},
  volume={22},
  number={1},
  pages={29--52},
  year={1998},
  publisher={Elsevier}
}

@article{hashash2004numerical,
  title={Numerical implementation of a neural network based material model in finite element analysis},
  author={Hashash, Youssef and Jung, Sungmoon and Ghaboussi, Jamshid},
  journal={International Journal for numerical methods in engineering},
  volume={59},
  number={7},
  pages={989--1005},
  year={2004},
  publisher={Wiley Online Library}
}

@article{furukawa1998implicit,
  title={Implicit constitutive modelling for viscoplasticity using neural networks},
  author={Furukawa, Tomonari and Yagawa, Genki},
  journal={International Journal for Numerical Methods in Engineering},
  volume={43},
  number={2},
  pages={195--219},
  year={1998},
  publisher={Wiley Online Library}
}

@article{joshi2022bayesian,
  title={Bayesian-EUCLID: discovering hyperelastic material laws with uncertainties},
  author={Joshi, Akshay and Thakolkaran, Prakash and Zheng, Yiwen and Escande, Maxime and Flaschel, Moritz and De Lorenzis, Laura and Kumar, Siddhant},
  journal={arXiv preprint arXiv:2203.07422},
  year={2022}
}

@article{liu2020generic,
  title={A generic physics-informed neural network-based constitutive model for soft biological tissues},
  author={Liu, Minliang and Liang, Liang and Sun, Wei},
  journal={Computer methods in applied mechanics and engineering},
  volume={372},
  pages={113402},
  year={2020},
  publisher={Elsevier}
}

@inproceedings{amos2017input,
  title={Input convex neural networks},
  author={Amos, Brandon and Xu, Lei and Kolter, J Zico},
  booktitle={International Conference on Machine Learning},
  pages={146--155},
  year={2017},
  organization={PMLR}
}

@inproceedings{sivaprasad2021curious,
  title={The curious case of convex neural networks},
  author={Sivaprasad, Sarath and Singh, Ankur and Manwani, Naresh and Gandhi, Vineet},
  booktitle={Joint European Conference on Machine Learning and Knowledge Discovery in Databases},
  pages={738--754},
  year={2021},
  organization={Springer}
}

@article{masi2021thermodynamics,
  title={Thermodynamics-based Artificial Neural Networks (TANN) for multiscale modeling of materials with inelastic microstructure},
  author={Masi, Filippo and Stefanou, Ioannis},
  journal={arXiv preprint arXiv:2108.13137},
  year={2021}
}

@inproceedings{as2022mechanics,
  title={A Mechanics-Informed Artificial Neural Network Approach in Data-Driven Constitutive Modeling},
  author={As'ad, Faisal and Avery, Philip and Farhat, Charbel},
  booktitle={AIAA Scitech 2022 Forum},
  pages={0100},
  year={2022}
}

@article{wehenkel2019unconstrained,
  title={Unconstrained monotonic neural networks},
  author={Wehenkel, Antoine and Louppe, Gilles},
  journal={Advances in neural information processing systems},
  volume={32},
  year={2019}
}

@article{baptista2020adaptive,
  title={An adaptive transport framework for joint and conditional density estimation},
  author={Baptista, Ricardo and Zahm, Olivier and Marzouk, Youssef},
  journal={arXiv preprint arXiv:2009.10303},
  year={2020}
}

@misc{ciarlet1988mathematical,
  title={Mathematical Elasticity, vol. 1, Three-dimensional Elasticity Elsevier Science Publishers B},
  author={Ciarlet, Philippe G},
  year={1988},
  publisher={V}
}

@incollection{truesdell2004non,
  title={The non-linear field theories of mechanics},
  author={Truesdell, Clifford and Noll, Walter},
  booktitle={The non-linear field theories of mechanics},
  pages={1--579},
  year={2004},
  publisher={Springer}
}

@book{pedregal2000variational,
  title={Variational methods in nonlinear elasticity},
  author={Pedregal, Pablo},
  year={2000},
  publisher={SIAM}
}

@book{Dacorogna1989,
author = "Dacorogna, Bernard",
title = "Direct methods in the calculus of varations",
year = "1989",
publisher = "Springer",
edition = "Second"
}

@article{ball1976convexity,
  title={Convexity conditions and existence theorems in nonlinear elasticity},
  author={Ball, John M},
  journal={Archive for rational mechanics and Analysis},
  volume={63},
  number={4},
  pages={337--403},
  year={1976},
  publisher={Springer}
}

@article{hartmann2003polyconvexity,
  title={Polyconvexity of generalized polynomial-type hyperelastic strain energy functions for near-incompressibility},
  author={Hartmann, Stefan and Neff, Patrizio},
  journal={International journal of solids and structures},
  volume={40},
  number={11},
  pages={2767--2791},
  year={2003},
  publisher={Elsevier}
}

@article{schroder2003invariant,
  title={Invariant formulation of hyperelastic transverse isotropy based on polyconvex free energy functions},
  author={Schr{\"o}der, J{\"o}rg and Neff, Patrizio},
  journal={International journal of solids and structures},
  volume={40},
  number={2},
  pages={401--445},
  year={2003},
  publisher={Elsevier}
}

@incollection{ebbing2010construction,
  title={Construction of polyconvex energies for non-trivial anisotropy classes},
  author={Ebbing, Vera and Schr{\"o}der, J{\"o}rg and Neff, Patrizio},
  booktitle={Poly-, Quasi-and Rank-One Convexity in Applied Mechanics},
  pages={107--130},
  year={2010},
  publisher={Springer}
}

@book{HolzapfelBook,
author = "Holzapfel, Gerhard A",
title = "Nonlinear Solids Mechanics: A Continuum Approach for Engineering",
year = "2000",
publisher = "Wiley",
address = "Chichester"
}

@article{balzani2006polyconvex,
  title={A polyconvex framework for soft biological tissues. Adjustment to experimental data},
  author={Balzani, Daniel and Neff, Patrizio and Schr{\"o}der, J{\"o}rg and Holzapfel, Gerhard A},
  journal={International journal of solids and structures},
  volume={43},
  number={20},
  pages={6052--6070},
  year={2006},
  publisher={Elsevier}
}

@article{staber2018stochastic,
  title={A random field model for anisotropic strain energy functions and its application for uncertainty quantification in vascular mechanics},
  author={Staber, Brian and Guilleminot, Johann},
 journal={Computer methods in applied mechanics and engineering},
  volume={333},
  pages={94--113},
  year={2018}

}

@article{CHEN2022114897,
title = {Spatially-dependent material uncertainties in anisotropic nonlinear elasticity: Stochastic modeling, identification, and propagation},
journal = {Computer Methods in Applied Mechanics and Engineering},
volume = {394},
pages = {114897},
year = {2022},
author = {Chen, Peiyi and Guilleminot, Johann}
}

@article{holzapfel2005determination,
  title={Determination of layer-specific mechanical properties of human coronary arteries with nonatherosclerotic intimal thickening and related constitutive modeling},
  author={Holzapfel, Gerhard A and Sommer, Gerhard and Gasser, Christian T and Regitnig, Peter},
  journal={American Journal of Physiology-Heart and Circulatory Physiology},
  volume={289},
  number={5},
  pages={H2048--H2058},
  year={2005},
  publisher={American Physiological Society}
}

@software{jax2018github,
  author = {James Bradbury and Roy Frostig and Peter Hawkins and Matthew James Johnson and Chris Leary and Dougal Maclaurin and George Necula and Adam Paszke and Jake Vander{P}las and Skye Wanderman-{M}ilne and Qiao Zhang},
  title = {{JAX}: composable transformations of {P}ython+{N}um{P}y programs},
  year = {2018}
}

@article{Asad-IJNME,
author = {As'ad, Faisal and Avery, Philip and Farhat, Charbel},
title = {A mechanics-informed artificial neural network approach in data-driven constitutive modeling},
journal = {International Journal for Numerical Methods in Engineering},
volume = {123},
number = {12},
pages = {2738-2759},
year = {2022}
}

@article{KLEIN2022104703,
title = {Polyconvex anisotropic hyperelasticity with neural networks},
journal = {Journal of the Mechanics and Physics of Solids},
volume = {159},
pages = {104703},
year = {2022},
author = {Dominik K. Klein and Mauricio Fern√°ndez and Robert J. Martin and Patrizio Neff and Oliver Weeger}
}


